@book{fundamentals-of-electric-propulsion,
  author    = {Dan M. Goebel and Ira Katz and Ioannis G. Mikellides},
  title     = {Fundamentals of Electric Propulsion},
  edition   = {Second},
  publisher = {John Wiley \& Sons},
  year      = {2022}
}

@book{pigeon2017development,
  title={Development of a miniature low power cylindrical Hall thruster for microsatellites},
  author={Pigeon, Carl},
  year={2017},
  publisher={University of Toronto (Canada)}
}

@online{nasa-sputnik,
  author    = {NASA},
  title     = {Sputnik and the Dawn of the Space Age},
  year      = {2024},
  url       = {https://www.nasa.gov/history/sputnik/index.html},
  note      = {Accessed: September 2025}
}

@online{esa-debris,
  author    = {European Space Agency (ESA)},
  title     = {Space Debris by the Numbers},
  year      = {2024},
  url       = {https://sdup.esoc.esa.int/discosweb/statistics/},
  note      = {Accessed: September 2025}
}

@online{nasa-syncom,
  author    = {NASA},
  title     = {Syncom: The First Geosynchronous Satellite},
  year      = {2024},
  url       = {https://www.nasa.gov/image-article/first-geosynchronous-satellite/},
  note      = {Accessed: September 2025}
}

@online{reliasat-evolution,
  author    = {ReliaSat},
  title     = {Satellite Communications Evolution - From GEO to LEO},
  year      = {2024},
  url       = {https://reliasat.com/satellite-communications-evolution-from-geo-to-leo/},
  note      = {Accessed: September 2025}
}

@online{nasa-inspace-propulsion,
  author    = {NASA Small Satellite Institute},
  title     = {In-Space Propulsion: State of the Art},
  year      = {2024},
  url       = {https://www.nasa.gov/smallsat-institute/sst-soa/in-space_propulsion/},
  note      = {Figure 4.2. Accessed: September 2025}
}

@online{nasa-kessler,
  author    = {NASA White Sands Test Facility},
  title     = {Micrometeoroids and Orbital Debris (MMOD)},
  year      = {2024},
  url       = {https://www.nasa.gov/centers-and-facilities/white-sands/micrometeoroids-and-orbital-debris-mmod/},
  note      = {Accessed: September 2025}
}

@online{nasa-electrifying-propulsion,
  author    = {NASA},
  title     = {The Propulsion We’re Supplying? It’s Electrifying!},
  year      = {2024},
  url       = {https://www.nasa.gov/humans-in-space/the-propulsion-were-supplying-its-electrifying/},
  note      = {Accessed: September 2025}
}

@online{csa-call-for-ideas,
  author    = {Canadian Space Agency (CSA)},
  title     = {Science and Technology for Small Payloads on Space Missions – Announcement of Opportunity},
  year      = {2024},
  url       = {https://www.asc-csa.gc.ca/eng/funding-programs/funding-opportunities/ao/2024-cfi-science-technology-small-payloads-space-missions.asp},
  note      = {Accessed: September 2025}
}

@online{csa-space-debris-mitigation,
  author    = {Innovation, Science and Economic Development Canada (ISED)},
  title     = {Consultation on Changes to Licensing Requirements and Conditions of License for Space Debris Mitigation},
  year      = {2024},
  url       = {https://ised-isde.canada.ca/site/spectrum-management-telecommunications/en/learn-more/key-documents/consultations/consultation-changes-licensing-requirements-and-conditions-licence-space-debris-mitigation},
  note      = {Accessed: September 2025}
}

@inproceedings{bpt-4000,
  author    = {J. R. Brophy and R. L. Polk and M. J. Patterson and J. E. Polk and N. J. Williams and J. S. Sovey and D. M. Goebel},
  title     = {The Ion Propulsion System for Dawn: Status and Lessons Learned},
  booktitle = {Proceedings of the 31st International Electric Propulsion Conference (IEPC)},
  year      = {2009},
  address   = {Ann Arbor, Michigan},
  url       = {https://electricrocket.org/IEPC/2009-085.pdf}
}

@inproceedings{spt-140,
  author    = {John P. Brophy and Michael J. Patterson and John E. Polk and Nathan J. Strange},
  title     = {Electric Propulsion for Spacecraft: Technology and Mission Applications},
  booktitle = {Proceedings of the 35th International Electric Propulsion Conference (IEPC)},
  year      = {2017},
  address   = {Atlanta, Georgia},
  url       = {https://iepc2017.org/sites/default/files/speaker-papers/iepc_2017_ssl_electric_propulsion.pdf}
}

@article{cht-plasma-wall-interactions,
  author  = {V. Kim},
  title   = {History of Soviet and Russian Electric Propulsion Development},
  journal = {Journal of Propulsion and Power},
  volume  = {14},
  number  = {5},
  pages   = {736--743},
  year    = {1998}
}

@inproceedings{pppl-cht,
  author    = {Y. Raitses and N. J. Fisch and G. S. Selwyn},
  title     = {Laboratory Studies of Cylindrical Hall Thrusters},
  year      = {2006},
  address   = {Sacramento, California},
  organization = {AIAA},
  note      = {AIAA 2006-3245},
  url       = {https://htx.pppl.gov/publication/Conference/AIAA-2006-3245_Raitses.pdf}
}

@article{cht-vs-aht,
  author  = {Y. Raitses and D. Staack and N. J. Fisch and G. S. Selwyn},
  title   = {Performance Studies of Miniaturized Cylindrical and Annular Hall Thrusters},
  journal = {Journal of Applied Physics},
  volume  = {89},
  number  = {6},
  pages   = {3139--3146},
  year    = {2001},
  doi     = {10.1063/1.1345862}
}


@misc{ExternalCathodePic,
  author = {David Pidgeon, Ron Corey, Birgit Sauer and Michael Day},
  howpublished = {24th AIAA International Communications Satellite Systems Conference},
  title = {Two Years of On-Orbit Performance of SPT-100 Electric Propulsion},
  year = {2006}
}

@conference{CentralCathodePic,
  author = {James Szabo, Rachel Tedrake, George Kolencik and Bruce Pote},
  booktitle = {35th International Electric Propulsion Conference},
  editor = {IEPC-2017-26},
  title = {Measurements of a Krypton Fed 1.5 kW Hall Effect  Thruster with a Centrally Located Cathode},
  year = {2017}
}

@mastersthesis{propfeedsys,
  author = {Daniel Roberts},
  school = {University of Washington},
  title = {Enhancing Neutral Propellant Flow Uniformity in Hall Thrusters via Anode Design},
  year = {2024}
}

@conference{AIAA2008-5188,
  author = {Yevgeny Raitses},
  editor = {},
  title = {Effects of Cathode Electron Emission on Hall Thruster  Discharge},
  year = {2008}
}

@misc{nasagrc,
  author = {James Myers, Hani Kamhawi, John Yim, Lauren Clayman},
  howpublished = {American Institute of Aeronautics and Astronautics},
  title = {Hall Thruster Thermal Modeling and Test Data Correlation},
  year = {2016}
}

@book{nasajpltext,
  author = {Dan M. Goebel, Ira Katz, and Ioannis G. Mikellides},
  editor = {Jon Hamkins},
  publisher = {Jet Propulsion Laboratory - California Institute of Technology},
  title = {Fundamentals of Electric Propulsion},
  year = {2025}
}

%     EXAMPLES OF DIFFERENT ENTRY TYPES
% @phdthesis{key,
%   author = {},
%   school = {},
%   title = {},
%   year = {}
% }

% @mastersthesis{key,
%   author = {},
%   school = {},
%   title = {},
%   year = {}
% }

% @article{key,
%   author = {},
%   journal = {},
%   number = {},
%   title = {},
%   volume = {},
%   year = {}
% }

% @book{key,
%   author = {},
%   editor = {},
%   publisher = {},
%   title = {},
%   year = {}
% }